@article{ram1996parallel,
  title={Parallel simulated annealing algorithms},
  author={Ram, D Janaki and Sreenivas, TH and Subramaniam, K Ganapathy},
  journal={Journal of parallel and distributed computing},
  volume={37},
  number={2},
  pages={207--212},
  year={1996},
  publisher={Elsevier}
}

@book{lawler1985traveling,
  title={The traveling salesman problem: a guided tour of combinatorial optimization},
  author={Lawler, Eugene L and Lenstra, Jan Karel and Kan, AHG Rinnooy and Shmoys, David B and others},
  volume={3},
  year={1985},
  publisher={Wiley New York}
}

@book{leeuwen1990handbook,
  title={Handbook of theoretical computer science},
  author={Leeuwen, Jan},
  volume={1},
  year={1990},
  publisher={Elsevier}
}

@book{reinelt1994traveling,
  title={The traveling salesman: computational solutions for TSP applications},
  author={Reinelt, Gerhard},
  year={1994},
  publisher={Springer-Verlag}
}